<record><leader>00000cas a22000007a 4500</leader><controlfield tag="001">28383561</controlfield><controlfield tag="008">930706d1891189uokuwr ne      0    0eng d</controlfield><datafield ind1=" " ind2=" " tag="010"><subfield code="a">sn 93066089 </subfield></datafield><datafield ind1=" " ind2=" " tag="040"><subfield code="a">OBN</subfield><subfield code="b">eng</subfield><subfield code="c">OBN</subfield><subfield code="d">OCL</subfield><subfield code="d">OCLCQ</subfield></datafield><datafield ind1=" " ind2=" " tag="042"><subfield code="a">msc</subfield></datafield><datafield ind1="0" ind2="0" tag="245"><subfield code="a">Hardesty herald.</subfield></datafield><datafield ind1="3" ind2="0" tag="246"><subfield code="a">Herald</subfield></datafield><datafield ind1=" " ind2=" " tag="260"><subfield code="a">Hardesty, Oklahoma Territory [Okla.] :</subfield><subfield code="b">R.B. Quinn</subfield></datafield><datafield ind1=" " ind2=" " tag="300"><subfield code="a">v.</subfield></datafield><datafield ind1=" " ind2=" " tag="310"><subfield code="a">Weekly</subfield></datafield><datafield ind1=" " ind2=" " tag="500"><subfield code="a">Began in 1891.</subfield></datafield><datafield ind1=" " ind2=" " tag="588"><subfield code="a">Description based on: Vol. 3, no. 8 (June 8, 1893).</subfield></datafield><datafield ind1=" " ind2="4" tag="651"><subfield code="a">Hardesty (Okla.)</subfield><subfield code="v">Newspapers.</subfield></datafield><datafield ind1=" " ind2="4" tag="651"><subfield code="a">Texas County (Okla.)</subfield><subfield code="v">Newspapers.</subfield></datafield><datafield ind1=" " ind2="4" tag="651"><subfield code="a">Oklahoma Territory (Okla.)</subfield><subfield code="v">Newspapers.</subfield></datafield><datafield ind1=" " ind2=" " tag="752"><subfield code="a">United States</subfield><subfield code="b">Oklahoma</subfield><subfield code="c">Texas</subfield><subfield code="d">Hardesty.</subfield></datafield><datafield ind1="0" ind2="0" tag="780"><subfield code="t">Hardesty times (Hardesty, Okla. : 1890)</subfield><subfield code="w">(DLC)sn 86064080</subfield><subfield code="w">(OCoLC)13733221</subfield></datafield><datafield ind1="0" ind2="0" tag="785"><subfield code="t">Guymon herald</subfield><subfield code="w">(DLC)sn 86064079</subfield><subfield code="w">(OCoLC)13686129</subfield></datafield><datafield ind1="1" ind2=" " tag="029"><subfield code="a">AU@</subfield><subfield code="b">000025885000</subfield></datafield></record>